@article{kyle17,
   author = {Kyle Helfrich, Devin Willmott, Qiang Ye },
    title = "{Orthogonal Recurrent Neural Networks with Scaled Cayley Transform}",
  url = {https://arxiv.org/abs/1707.09520},
     year = 2017
}


@article{Arjo16,
   author = {M. Arjovsky, A. Shah, and Y. Bengio. },
    title = "{Unitary Evolution Recurrent Neural Networks}",
  journal = {In
International
Conference on Machine Learning (ICML)},
     year = 2016,
    month = Jun
}

@article{Wisdom16,
   author = {Scott Wisdom, Thomas Powers, John Hershey, Jonathan Le Roux, and Les Atlas },
    title = "{Full-capacity unitary recurrent neural network}",
  journal = {   In D. D. Lee, M. Sugiyama, U. V. Luxburg, I. Guyon, andR. Garnett (eds.),
Advances in Neural Information Processing Systems 29
, pp. 4880–4888. Curran
Associates, Inc.},
     year = 2016
}

@article{Krizh12,
   author = {Krizhevsky, Alex, Sutskever, Ilya, and Hinton, Geoffrey E.},
    title = "{Imagenet  classification  with  deep  convolutional  neu-
ral networks}",
  journal = {Neural Information Processing Systems},
     year = 2012
}

@article{Hinton12,
   author = {Hinton, Geoffrey, Deng, Li, Yu, Dong, Dahl, George, Mo-
hamed, Abdel-rahman, Jaitly, Navdeep, Senior, Andrew,
Vanhoucke, Vincent, Nguyen, Patrick, Sainath, Tara, and
Kingsbury,  Brian },
    title = "{Deep  neural  networks  for  acoustic
modeling in speech recognition}",
  journal = {Signal Processing Magazine},
     year = 2012
}

@inproceedings{Hochreiter91,
author = {Hochreiter, S.},
year = {1991},
title = {Untersuchungen  zu  dynamischen  neu-
ronalen Netzen},
booktitle = {Diploma thesis,T.U. Munich}
}

@article{Collobert11,
   author = {Collobert,  Ronan,  Weston,  Jason,  Bottou, Leon,  Karlen, Michael, Kavukcuoglu, Koray, and Kuksa, Pavel},
    title = "{Natural language processing (almost) from scratch}",
  journal = {Journal of Machine Learning Research},
     year = 2011
}

@misc{Cho14,
author = {Cho, Kyunghyun and van Merrienboer, Bart and Bahdanau, Dzmitry and Bengio, Yoshua},
title = {On the Properties of Neural Machine Translation: Encoder-Decoder Approaches},
url = {https://arxiv.org/abs/1409.1259},
year = {2014}
}

@article{gal16,
  title={A Theoretically Grounded Application of Dropout in Recurrent Neural Networks},
  author={Gal, Yarin and Ghahramani, Zoubin},
  journal={arXiv:1512.05287v5},
  year={2016}
}

@inproceedings{Glorot10,
author = {Glorot, Xavier and Bengio, Yoshua},
year = {2010},
title = {Understanding the difficulty of training deep feedforward neural networks},
booktitle = {Proceedings of the 13th International Conference on Artificial Intelligence and Statistics (AISTATS)},
publisher = {JMLR: W\&CP},
volume = {9},
address = {Sardinia, Italy}
}



@inproceedings{Hochreiter97,
author = {Hochreiter, Sepp and Schmidhuber, J{\"u}rgen},
year = {1997},
title = {Long Short-Term Memory},
booktitle = {Neural Computation 9(8)},
pages = {1735-1780}
}

@article{kahan06,
  title={Is there a small skew Cayley transform with zero diagonal?},
  author={Kahan, William},
  journal={Linear algebra and its applications},
  volume={417},
  number={2-3},
  pages={335--341},
  year={2006},
  publisher={Elsevier}
}

@article{Kreutzdelgado09,
  title={The Complex Gradient Operator and the CR-Calculus},
  author={Kreutz-Delgado, Ken},
  journal={arXiv preprint arXiv:0906.4835v1},
  year={2009}
}

@misc{Le15,
author = {Le, Quoc V. and Jaitly, Navdeep and Hinton, Geoffrey E.},
title = {A Simple Way to Initialize Recurrent Networks of Rectified Linear Units},
url = {https://arxiv.org/abs/1504.00941},
urldate = {2015},
year={2015}
}

@misc{LeCun,
author = {LeCun, Yann and Cortes, Corinna and Burges, Christopher J.C.},
title = {The MNIST Database},
url = {http://yann.lecun.com/exdb/mnist/},
urldate = {2013}
}

@inproceedings{Nair10,
author = {Nair, Vinod and Hinton, Geoffrey E.},
year = {2010},
title = {Rectified Linear Units Improve Restricted Boltzmann Machines},
booktitle = {27th International Conference on Machine Learning},
address = {Haifa, Israel}
}

@article{odorney14,
author = {O'Dorney, Evan},
year = {2014},
month = {05},
pages = {97–103},
title = {Minimizing the Cayley transform of an orthogonal matrix by multiplying by signature matrices},
volume = {448},
booktitle = {Linear Algebra and its Applications}
}

@article{srivastava14,
author = {Srivastava, Nitish and Hinton, Geoffrey and Krizhevsky, Alex and Sutskever, Ilya and Salakhutdinov, Ruslan},
year = {2014},
title = {Dropout: A simple way to prevent neural networks from overfitting},
journal = {Journal of Machine Learning Research},
volume = {15},
pages = {1929-1958}
}

@article{vorontsov17,
  title={On orthogonality and learning recurrent networks with long term dependencies},
  author={Vorontsov, Eugene and Trabelsi, Chiheb and Kadoury, Samuel and Pal, Chris},
  journal={arXiv preprint arXiv:1702.00071},
  year={2017}
}

@article{jing16,
  title={Tunable efficient unitary network(eurnn) and heir application to rnn},
  author={jing L.,Shen, Y.,Dubcek, T., Peurifoy, J., Skirlo, S., Tegmark, M., and Soljacic, M.},
  journal={},
  year={2016}
}



@article{Mhammadi17,
  title={Efficient orthogonal parametrization of recurrent neural networks using householder reflections},
  author={Mhammedi, Z., Hellicar, A., Rahman, A.,and Bailey, J.},
  journal={In Proceeding of the 34th internaional conference on machine Leraning ( ICML 2017)},
  address = {Sydney, Australia}
  year={2017}
}

@article{garafolo93,
  title={Timit acousic-phonetic coninuous speech corpus ldc93sl},
  author={Garofolo, J., Lamel, L., Fisher, W.,Fiscus, J., Pallet, D.,Dahlgren, N. and Zue, V.,},
  journal={Technical report.Philadelphia: Linguistic Data Consortium},
  address = {Philadelphia,PA}
  year={1993}
}
